@InCollection{Ferriol,
  author    = {Mar{\'{\i}}a Ferriol and Bel{\'{e}}n Pic{\'{o}}},
  booktitle = {Handbook of Plant Breeding},
  publisher = {Springer New York},
  title     = {Pumpkin and Winter Squash},
  year      = {2008},
  pages     = {317--349},
  doi       = {10.1007/978-0-387-30443-4_10},
}

@Article{Paris2005,
  author    = {Harry S. Paris and Rebecca Nelson Brown},
  journal   = {{HortScience}},
  title     = {The Genes of Pumpkin and Squash},
  year      = {2005},
  month     = {oct},
  number    = {6},
  pages     = {1620--1630},
  volume    = {40},
  doi       = {10.21273/hortsci.40.6.1620},
  publisher = {American Society for Horticultural Science},
}

@Article{Chomicki2020,
  author     = {Chomicki, Guillaume and Schaefer, Hanno and Renner, Susanne S.},
  journal    = {New Phytologist},
  title      = {Origin and domestication of {Cucurbitaceae} crops: insights from phylogenies, genomics and archaeology},
  year       = {2020},
  issn       = {1469-8137},
  number     = {5},
  pages      = {1240--1255},
  volume     = {226},
  doi        = {10.1111/nph.16015},
  keywords   = {pumpkin, squash, cucumber, domestication, genomics, melon, taxonomy, watermelon},
  shorttitle = {Origin and domestication of {Cucurbitaceae} crops},
  url        = {https://onlinelibrary.wiley.com/doi/abs/10.1111/nph.16015},
  urldate    = {2022-11-28},
}

@Article{Sun2017,
  author   = {Sun, Honghe and Wu, Shan and Zhang, Guoyu and Jiao, Chen and Guo, Shaogui and Ren, Yi and Zhang, Jie and Zhang, Haiying and Gong, Guoyi and Jia, Zhangcai and Zhang, Fan and Tian, Jiaxing and Lucas, William J. and Doyle, Jeff J. and Li, Haizhen and Fei, Zhangjun and Xu, Yong},
  journal  = {Molecular Plant},
  title    = {Karyotype {Stability} and {Unbiased} {Fractionation} in the {Paleo}-{Allotetraploid} {Cucurbita} {Genomes}},
  year     = {2017},
  issn     = {1674-2052},
  month    = oct,
  number   = {10},
  pages    = {1293--1306},
  volume   = {10},
  doi      = {10.1016/j.molp.2017.09.003},
  url      = {https://www.sciencedirect.com/science/article/pii/S1674205217302666},
  urldate  = {2022-11-29},
}

@Article{Yu2022,
  author    = {Jingyin Yu and Shan Wu and Honghe Sun and Xin Wang and Xuemei Tang and Shaogui Guo and Zhonghua Zhang and Sanwen Huang and Yong Xu and Yiqun Weng and Michael Mazourek and Cecilia McGregor and Susanne S Renner and Sandra Branham and Chandrasekar Kousik and W~Patrick Wechter and Amnon Levi and Rebecca Grumet and Yi Zheng and Zhangjun Fei},
  journal   = {Nucleic Acids Research},
  title     = {{CuGenDBv}2: an updated database for cucurbit genomics},
  year      = {2022},
  month     = {oct},
  doi       = {10.1093/nar/gkac921},
  publisher = {Oxford University Press ({OUP})},
}

@Article{MonteroPau2017,
  author   = {Montero-Pau, Javier and Blanca, José and Esteras, Cristina and Martínez-Pérez, Eva Ma. and Gómez, Pedro and Monforte, Antonio J. and Cañizares, Joaquín and Picó, Belén},
  journal  = {BMC Genomics},
  title    = {An {SNP}-based saturated genetic map and {QTL} analysis of fruit-related traits in {Zucchini} using {Genotyping}-by-sequencing},
  year     = {2017},
  issn     = {1471-2164},
  month    = jan,
  number   = {1},
  pages    = {94},
  volume   = {18},
  doi      = {10.1186/s12864-016-3439-y},
  keywords = {Cucurbita pepo, Candidate genes, Cartography, GBS, Phenotyping, RIL},
  url      = {https://doi.org/10.1186/s12864-016-3439-y},
  urldate  = {2022-11-29},
}

@Article{Zhong2017,
  author    = {Zhong, Yu-Juan and Zhou, Yang-Yang and Li, Jun-Xing and Yu, Ting and Wu, Ting-Quan and Luo, Jian-Ning and Luo, Shao-Bo and Huang, He-Xun},
  journal   = {Scientific Reports},
  title     = {A high-density linkage map and {QTL} mapping of fruit-related traits in pumpkin ({Cucurbita} moschata {Duch}.)},
  year      = {2017},
  issn      = {2045-2322},
  month     = oct,
  number    = {1},
  pages     = {12785},
  volume    = {7},
  doi       = {10.1038/s41598-017-13216-3},
  keywords  = {Agricultural genetics, Plant breeding, Next-generation sequencing},
  url       = {https://www.nature.com/articles/s41598-017-13216-3},
  urldate   = {2022-11-29},
}

@Article{Kazminska2018,
  author   = {Kaźmińska, Karolina and Hallmann, Ewelina and Rusaczonek, Anna and Korzeniewska, Aleksandra and Sobczak, Mirosław and Filipczak, Joanna and Kuczerski, Karol Seweryn and Steciuk, Jarosław and Sitarek-Andrzejczyk, Monika and Gajewski, Marek and Niemirowicz-Szczytt, Katarzyna and Bartoszewski, Grzegorz},
  journal  = {Molecular Breeding},
  title    = {Genetic mapping of ovary colour and quantitative trait loci for carotenoid content in the fruit of {Cucurbita} maxima {Duchesne}},
  year     = {2018},
  issn     = {1572-9788},
  month    = aug,
  number   = {9},
  pages    = {114},
  volume   = {38},
  doi      = {10.1007/s11032-018-0869-z},
  keywords = {Molecular markers, Carotenoids, Cucurbita maxima, Fruit colour, Genetic map, Ovary colour, QTL},

  url      = {https://doi.org/10.1007/s11032-018-0869-z},
  urldate  = {2022-11-28},
}

@Article{Wu2019,
  author   = {Wu, Po-Ya and Tung, Chih-Wei and Lee, Chieh-Ying and Liao, Chen-Tuo},
  journal  = {The Plant Genome},
  title    = {Genomic {Prediction} of {Pumpkin} {Hybrid} {Performance}},
  year     = {2019},
  issn     = {1940-3372},
  number   = {2},
  pages    = {180082},
  volume   = {12},
  doi      = {10.3835/plantgenome2018.10.0082},
  url      = {https://onlinelibrary.wiley.com/doi/abs/10.3835/plantgenome2018.10.0082},
  urldate  = {2022-11-29},
}

@Article{Xanthopoulou2019,
  author  = {Xanthopoulou, Aliki and Montero Pau, Javier and Mellidou, Ifigeneia and Kissoudis, Christos and Blanca, José and Picó, Belén and Tsaballa, Aphrodite and Tsaliki, Eleni and Dalakouras, Athanasios and Paris, Harry S and Ganopoulou, Maria and Moysiadis, Theodoros and Osathanunkul, Maslin and Tsaftaris, Athanasios and Madesis, Panagiotis and Kalivas, Apostolos and Ganopoulos, Ioannis},
  journal = {Horticulture Research},
  title   = {Whole-genome resequencing of {Cucurbita} pepo morphotypes to discover genomic variants associated with morphology and horticulturally valuable traits},
  year    = {2019},
  issn    = {2052-7276},
  month   = jan,
  pages   = {94},
  volume  = {6},
  doi     = {10.1038/s41438-019-0176-9},
  url     = {https://doi.org/10.1038/s41438-019-0176-9},
  urldate = {2022-11-28},
}

@Article{Hernandez2020,
  author  = {Hernandez, Christopher O and Wyatt, Lindsay E and Mazourek, Michael R},
  journal = {G3 Genes{\textbar}Genomes{\textbar}Genetics},
  title   = {Genomic {Prediction} and {Selection} for {Fruit} {Traits} in {Winter} {Squash}},
  year    = {2020},
  issn    = {2160-1836},
  month   = oct,
  number  = {10},
  pages   = {3601--3610},
  volume  = {10},
  doi     = {10.1534/g3.120.401215},
  url     = {https://doi.org/10.1534/g3.120.401215},
  urldate = {2022-11-28},
}

@Article{McCouch2020,
  author    = {Susan McCouch and Zahra Katy Navabi and Michael Abberton and Noelle L. Anglin and Rosa Lia Barbieri and Michael Baum and Kirstin Bett and Helen Booker and Gerald L. Brown and Glenn J. Bryan and Luigi Cattivelli and David Charest and Kellye Eversole and Marcelo Freitas and Kioumars Ghamkhar and Dario Grattapaglia and Robert Henry and Maria Cleria Valadares Inglis and Tofazzal Islam and Zakaria Kehel and Paul J. Kersey and Graham J. King and Stephen Kresovich and Emily Marden and Sean Mayes and Marie Noelle Ndjiondjop and Henry T. Nguyen and Samuel Rezende Paiva and Roberto Papa and Peter W.B. Phillips and Awais Rasheed and Christopher Richards and Mathieu Rouard and Maria Jose Amstalden Sampaio and Uwe Scholz and Paul D. Shaw and Brad Sherman and S. Evan Staton and Nils Stein and Jan Svensson and Mark Tester and Jose Francisco Montenegro Valls and Rajeev Varshney and Stephen Visscher and Eric von Wettberg and Robbie Waugh and Peter Wenzl and Loren H. Rieseberg},
  journal   = {Molecular Plant},
  title     = {Mobilizing Crop Biodiversity},
  year      = {2020},
  month     = {oct},
  number    = {10},
  pages     = {1341--1344},
  volume    = {13},
  doi       = {10.1016/j.molp.2020.08.011},
  publisher = {Elsevier {BV}},
}

@Article{Wang2021,
  author    = {Xin Wang and Kaori Ando and Shan Wu and Umesh K. Reddy and Prabin Tamang and Kan Bao and Sue A. Hammar and Rebecca Grumet and James D. McCreight and Zhangjun Fei},
  journal   = {Molecular Horticulture},
  title     = {Genetic characterization of melon accessions in the U.S. National Plant Germplasm System and construction of a melon core collection},
  year      = {2021},
  month     = {sep},
  number    = {1},
  volume    = {1},
  doi       = {10.1186/s43897-021-00014-9},
  publisher = {Springer Science and Business Media {LLC}},
}

@Article{Wang2018,
  author    = {Xin Wang and Kan Bao and Umesh K. Reddy and Yang Bai and Sue A. Hammar and Chen Jiao and Todd C. Wehner and Axel O. Ram{\'{\i}}rez-Madera and Yiqun Weng and Rebecca Grumet and Zhangjun Fei},
  journal   = {Horticulture Research},
  title     = {The {USDA} cucumber (Cucumis sativus L.) collection: genetic diversity, population structure, genome-wide association studies, and core collection development},
  year      = {2018},
  month     = {oct},
  number    = {1},
  volume    = {5},
  doi       = {10.1038/s41438-018-0080-8},
  publisher = {Oxford University Press ({OUP})},
}

@Article{Wu2019a,
  author    = {Shan Wu and Xin Wang and Umesh Reddy and Honghe Sun and Kan Bao and Lei Gao and Linyong Mao and Takshay Patel and Carlos Ortiz and Venkata L. Abburi and Padma Nimmakayala and Sandra Branham and Pat Wechter and Laura Massey and Kai-Shu Ling and Chandrasekar Kousik and Sue A. Hammar and Yaakov Tadmor and Vitaly Portnoy and Amit Gur and Nurit Katzir and Nihat Guner and Angela Davis and Alvaro G. Hernandez and Chris L. Wright and Cecilia McGregor and Robert Jarret and Xingping Zhang and Yong Xu and Todd C. Wehner and Rebecca Grumet and Amnon Levi and Zhangjun Fei},
  journal   = {Plant Biotechnology Journal},
  title     = {Genome of `Charleston Gray', the principal American watermelon cultivar, and genetic characterization of 1,365 accessions in the U.S. National Plant Germplasm System watermelon collection},
  year      = {2019},
  month     = {may},
  number    = {12},
  pages     = {2246--2258},
  volume    = {17},
  doi       = {10.1111/pbi.13136},
  publisher = {Wiley},
}

@Article{Loy2004,
  author    = {Loy, J. Brent},
  journal   = {Critical Reviews in Plant Sciences},
  title     = {Morpho-Physiological Aspects of Productivity and Quality in Squash and Pumpkins (Cucurbita spp.)},
  year      = {2004},
  issn      = {0735-2689},
  month     = jul,
  number    = {4},
  pages     = {337--363},
  volume    = {23},
  doi       = {10.1080/07352680490490733},
  groups    = {Cucurbita, Quantitative Genentics},
  keywords  = {breeding strategies, crop growth rate, Cucurbita species, fruit quality, fruit yield, harvest index, leaf area index, pumpkin, seed yield, squash},
  publisher = {Informa {UK} Limited},
  url       = {https://doi.org/10.1080/07352680490490733},
  urldate   = {2022-11-28},
}

@Article{Paris2015,
  author    = {Harry S. Paris},
  journal   = {Euphytica},
  title     = {Germplasm enhancement of Cucurbita pepo (pumpkin, squash, gourd: Cucurbitaceae): progress and challenges},
  year      = {2015},
  month     = {nov},
  number    = {3},
  pages     = {415--438},
  volume    = {208},
  doi       = {10.1007/s10681-015-1605-y},
  publisher = {Springer Science and Business Media {LLC}},
}

@Article{Kates2017,
  author    = {Heather R. Kates and Pamela S. Soltis and Douglas E. Soltis},
  journal   = {Molecular Phylogenetics and Evolution},
  title     = {Evolutionary and domestication history of Cucurbita (pumpkin and squash) species inferred from 44 nuclear loci},
  year      = {2017},
  month     = {jun},
  pages     = {98--109},
  volume    = {111},
  doi       = {10.1016/j.ympev.2017.03.002},
  publisher = {Elsevier {BV}},
}

@Article{Paris2012,
  author    = {Harry S. Paris and Ales Lebeda and Eva K{\v{r}}istkova and Thomas C. Andres and Michael H. Nee},
  journal   = {Economic Botany},
  title     = {Parallel Evolution Under Domestication and Phenotypic Differentiation of the Cultivated Subspecies of Cucurbita pepo (Cucurbitaceae)},
  year      = {2012},
  month     = {jan},
  number    = {1},
  pages     = {71--90},
  volume    = {66},
  doi       = {10.1007/s12231-012-9186-3},
  publisher = {Springer Science and Business Media {LLC}},
}

@Article{Lust2016,
  author    = {Teresa A. Lust and Harry S. Paris},
  journal   = {Annals of Botany},
  title     = {Italian horticultural and culinary records of summer squash (Cucurbita pepo, Cucurbitaceae) and emergence of the zucchini in 19th-century Milan},
  year      = {2016},
  month     = {jun},
  number    = {1},
  pages     = {53--69},
  volume    = {118},
  doi       = {10.1093/aob/mcw080},
  publisher = {Oxford University Press ({OUP})},
}

@Article{Savage015,
  author    = {Jessica A. Savage and Dustin F. Haines and Michele N. Holbrook},
  journal   = {Plant, Cell {\&} Environment},
  title     = {The making of giant pumpkins: how selective breeding changed the phloem of Cucurbita maxima from source to sink},
  year      = {2015},
  month     = {feb},
  number    = {8},
  pages     = {1543--1554},
  volume    = {38},
  doi       = {10.1111/pce.12502},
  publisher = {Wiley},
}

@Article{Nee1990,
  author    = {Michael Nee},
  journal   = {Economic Botany},
  title     = {The domestication ofcucurbita (Cucurbitaceae)},
  year      = {1990},
  month     = {jul},
  number    = {S3},
  pages     = {56--68},
  volume    = {44},
  doi       = {10.1007/bf02860475},
  publisher = {Springer Science and Business Media {LLC}},
}

@Article{Glaubitz2014,
  author    = {Jeffrey C. Glaubitz and Terry M. Casstevens and Fei Lu and James Harriman and Robert J. Elshire and Qi Sun and Edward S. Buckler},
  journal   = {{PLoS} {ONE}},
  title     = {{TASSEL}-{GBS}: A High Capacity Genotyping by Sequencing Analysis Pipeline},
  year      = {2014},
  month     = {feb},
  number    = {2},
  pages     = {e90346},
  volume    = {9},
  doi       = {10.1371/journal.pone.0090346},
  editor    = {Nicholas A. Tinker},
  publisher = {Public Library of Science ({PLoS})},
}

@Article{Li2009,
  author    = {H. Li and R. Durbin},
  journal   = {Bioinformatics},
  title     = {Fast and accurate short read alignment with Burrows-Wheeler transform},
  year      = {2009},
  month     = {may},
  number    = {14},
  pages     = {1754--1760},
  volume    = {25},
  doi       = {10.1093/bioinformatics/btp324},
  publisher = {Oxford University Press ({OUP})},
}

@Article{Alexander2011,
  author    = {David H Alexander and Kenneth Lange},
  journal   = {{BMC} Bioinformatics},
  title     = {Enhancements to the {ADMIXTURE} algorithm for individual ancestry estimation},
  year      = {2011},
  month     = {jun},
  number    = {1},
  volume    = {12},
  doi       = {10.1186/1471-2105-12-246},
  publisher = {Springer Science and Business Media {LLC}},
}

@Article{Danecek2021,
  author    = {Petr Danecek and James K Bonfield and Jennifer Liddle and John Marshall and Valeriu Ohan and Martin O Pollard and Andrew Whitwham and Thomas Keane and Shane A McCarthy and Robert M Davies and Heng Li},
  journal   = {{GigaScience}},
  title     = {Twelve years of {SAMtools} and {BCFtools}},
  year      = {2021},
  month     = {jan},
  number    = {2},
  volume    = {10},
  doi       = {10.1093/gigascience/giab008},
  publisher = {Oxford University Press ({OUP})},
}

@Article{Purcell2007,
  author    = {Shaun Purcell and Benjamin Neale and Kathe Todd-Brown and Lori Thomas and Manuel A.R. Ferreira and David Bender and Julian Maller and Pamela Sklar and Paul I.W. de Bakker and Mark J. Daly and Pak C. Sham},
  journal   = {The American Journal of Human Genetics},
  title     = {{PLINK}: A Tool Set for Whole-Genome Association and Population-Based Linkage Analyses},
  year      = {2007},
  month     = {sep},
  number    = {3},
  pages     = {559--575},
  volume    = {81},
  doi       = {10.1086/519795},
  publisher = {Elsevier {BV}},
}

@Article{Jeong2017,
  author    = {Seongmun Jeong and Jae-Yoon Kim and Soon-Chun Jeong and Sung-Taeg Kang and Jung-Kyung Moon and Namshin Kim},
  journal   = {{PLOS} {ONE}},
  title     = {{GenoCore}: A simple and fast algorithm for core subset selection from large genotype datasets},
  year      = {2017},
  month     = {jul},
  number    = {7},
  pages     = {e0181420},
  volume    = {12},
  doi       = {10.1371/journal.pone.0181420},
  editor    = {Alexandre G. de Brevern},
  publisher = {Public Library of Science ({PLoS})},
}

@Article{Money2015,
  author    = {Daniel Money and Kyle Gardner and Zoë Migicovsky and Heidi Schwaninger and Gan-Yuan Zhong and Sean Myles},
  journal   = {G3 Genes$\vert$Genomes$\vert$Genetics},
  title     = {{LinkImpute}: Fast and Accurate Genotype Imputation for Nonmodel Organisms},
  year      = {2015},
  month     = {nov},
  number    = {11},
  pages     = {2383--2390},
  volume    = {5},
  doi       = {10.1534/g3.115.021667},
  publisher = {Oxford University Press ({OUP})},
}

@Article{Bradbury2007,
  author    = {P. J. Bradbury and Z. Zhang and D. E. Kroon and T. M. Casstevens and Y. Ramdoss and E. S. Buckler},
  journal   = {Bioinformatics},
  title     = {{TASSEL}: software for association mapping of complex traits in diverse samples},
  year      = {2007},
  month     = {jun},
  number    = {19},
  pages     = {2633--2635},
  volume    = {23},
  doi       = {10.1093/bioinformatics/btm308},
  publisher = {Oxford University Press ({OUP})},
}

@Article{Endelman2011,
  author    = {Jeffrey B. Endelman},
  journal   = {The Plant Genome},
  title     = {Ridge Regression and Other Kernels for Genomic Selection with R Package {rrBLUP}},
  year      = {2011},
  month     = {nov},
  number    = {3},
  pages     = {250--255},
  volume    = {4},
  doi       = {10.3835/plantgenome2011.08.0024},
  publisher = {Wiley},
}

@Article{Campos2015,
  author    = {Gustavo de los Campos and Daniel Sorensen and Daniel Gianola},
  journal   = {{PLOS} Genetics},
  title     = {Genomic Heritability: What Is It?},
  year      = {2015},
  month     = {may},
  number    = {5},
  pages     = {e1005048},
  volume    = {11},
  doi       = {10.1371/journal.pgen.1005048},
  editor    = {Gregory S. Barsh},
  publisher = {Public Library of Science ({PLoS})},
}

@Article{Zheng2012,
  author    = {X. Zheng and D. Levine and J. Shen and S. M. Gogarten and C. Laurie and B. S. Weir},
  journal   = {Bioinformatics},
  title     = {A high-performance computing toolset for relatedness and principal component analysis of {SNP} data},
  year      = {2012},
  month     = {oct},
  number    = {24},
  pages     = {3326--3328},
  volume    = {28},
  doi       = {10.1093/bioinformatics/bts606},
  publisher = {Oxford University Press ({OUP})},
}

@Article{Gogarten2019,
  author    = {Stephanie M Gogarten and Tamar Sofer and Han Chen and Chaoyu Yu and Jennifer A Brody and Timothy A Thornton and Kenneth M Rice and Matthew P Conomos},
  journal   = {Bioinformatics},
  title     = {Genetic association testing using the {GENESIS} R/Bioconductor package},
  year      = {2019},
  month     = {jul},
  number    = {24},
  pages     = {5346--5348},
  volume    = {35},
  doi       = {10.1093/bioinformatics/btz567},
  editor    = {Alfonso Valencia},
  publisher = {Oxford University Press ({OUP})},
}

@Article{Zhang2015,
  author   = {Zhang, Guoyu and Ren, Yi and Sun, Honghe and Guo, Shaogui and Zhang, Fan and Zhang, Jie and Zhang, Haiying and Jia, Zhangcai and Fei, Zhangjun and Xu, Yong and Li, Haizhen},
  journal  = {BMC Genomics},
  title    = {A high-density genetic map for anchoring genome sequences and identifying {QTLs} associated with dwarf vine in pumpkin ({Cucurbita} maxima {Duch}.)},
  year     = {2015},
  issn     = {1471-2164},
  month    = dec,
  number   = {1},
  pages    = {1101},
  volume   = {16},
  doi      = {10.1186/s12864-015-2312-8},
  keywords = {QTL mapping, High-density genetic map, Dwarf vine, Pumpkin (Cucurbita maxima Duch.), Scaffold anchoring},
  url      = {https://doi.org/10.1186/s12864-015-2312-8},
  urldate  = {2022-11-29},
}

@Article{Ding2021,
  author    = {Wenqi Ding and Yunli Wang and Cong Qi and Yusong Luo and Chaojie Wang and Wenlong Xu and Shuping Qu},
  journal   = {Plant Science},
  title     = {Fine mapping identified the gibberellin 2-oxidase gene {CpDw} leading to a dwarf phenotype in squash (Cucurbita pepo L.)},
  year      = {2021},
  month     = {may},
  pages     = {110857},
  volume    = {306},
  doi       = {10.1016/j.plantsci.2021.110857},
  publisher = {Elsevier {BV}},
}

@Article{Xiang2018,
  author    = {Chenggang Xiang and Ying Duan and Hongbo Li and Wei Ma and Sanwen Huang and Xiaolei Sui and Zhonghua Zhang and Changlin Wang},
  journal   = {International Journal of Molecular Sciences},
  title     = {A High-Density {EST}-{SSR}-Based Genetic Map and {QTL} Analysis of Dwarf Trait in Cucurbita pepo L.},
  year      = {2018},
  month     = {oct},
  number    = {10},
  pages     = {3140},
  volume    = {19},
  doi       = {10.3390/ijms19103140},
  publisher = {{MDPI} {AG}},
}

@Article{Danecek2011,
  author    = {P. Danecek and A. Auton and G. Abecasis and C. A. Albers and E. Banks and M. A. DePristo and R. E. Handsaker and G. Lunter and G. T. Marth and S. T. Sherry and G. McVean and R. Durbin and},
  journal   = {Bioinformatics},
  title     = {The variant call format and {VCFtools}},
  year      = {2011},
  month     = {jun},
  number    = {15},
  pages     = {2156--2158},
  volume    = {27},
  doi       = {10.1093/bioinformatics/btr330},
  publisher = {Oxford University Press ({OUP})},
}

@Comment{jabref-meta: databaseType:bibtex;}
